<record><leader>00000cas a2200000 i 4500</leader><controlfield tag="001">11539383</controlfield><controlfield tag="008">850102d19271942nyuwn n       0   a0eng c</controlfield><datafield ind1=" " ind2=" " tag="010"><subfield code="a">  2015245100</subfield></datafield><datafield ind1=" " ind2=" " tag="040"><subfield code="a">ZQM</subfield><subfield code="b">eng</subfield><subfield code="e">rda</subfield><subfield code="c">ZQM</subfield><subfield code="d">NYS</subfield><subfield code="d">OCLCQ</subfield><subfield code="d">NYG</subfield><subfield code="d">OCLCF</subfield></datafield><datafield ind1=" " ind2=" " tag="042"><subfield code="a">pcc</subfield></datafield><datafield ind1=" " ind2=" " tag="043"><subfield code="a">n-us-ny</subfield></datafield><datafield ind1=" " ind2=" " tag="090"><subfield code="a">LD3840.P82</subfield><subfield code="b">A65</subfield></datafield><datafield ind1="0" ind2="4" tag="245"><subfield code="a">The Normal racquette.</subfield></datafield><datafield ind1=" " ind2=" " tag="260"><subfield code="a">Potsdam, N.Y. :</subfield><subfield code="b">Students of the State Normal School,</subfield><subfield code="c">1927-1942.</subfield></datafield><datafield ind1=" " ind2=" " tag="300"><subfield code="a">15 volumes :</subfield><subfield code="b">illustrations ;</subfield><subfield code="c">45 cm.</subfield></datafield><datafield ind1=" " ind2=" " tag="310"><subfield code="a">Weekly during the school year</subfield></datafield><datafield ind1=" " ind2=" " tag="336"><subfield code="a">text</subfield><subfield code="b">txt</subfield><subfield code="2">rdacontent</subfield></datafield><datafield ind1=" " ind2=" " tag="337"><subfield code="a">unmediated</subfield><subfield code="b">n</subfield><subfield code="2">rdamedia</subfield></datafield><datafield ind1=" " ind2=" " tag="338"><subfield code="a">volume</subfield><subfield code="b">nc</subfield><subfield code="2">rdacarrier</subfield></datafield><datafield ind1="1" ind2=" " tag="362"><subfield code="a">Began with: volume 1, number 1 (April 2, 1927); ceased with: volume 15, number 20 (June 5, 1942).</subfield></datafield><datafield ind1=" " ind2=" " tag="580"><subfield code="a">Continued by: Racquette.</subfield></datafield><datafield ind1=" " ind2=" " tag="588"><subfield code="a">Description based on: volume 1, number 1 (April 2, 1927); title from caption.</subfield></datafield><datafield ind1=" " ind2=" " tag="588"><subfield code="a">Latest issue consulted: volume 15, number 20 (June 5, 1942).</subfield></datafield><datafield ind1="2" ind2="0" tag="610"><subfield code="a">State University College at Potsdam, N.Y.</subfield><subfield code="v">Newspapers.</subfield></datafield><datafield ind1=" " ind2="0" tag="651"><subfield code="a">Potsdam (N.Y.)</subfield><subfield code="v">Newspapers.</subfield></datafield><datafield ind1=" " ind2="7" tag="655"><subfield code="a">Newspapers.</subfield><subfield code="2">fast</subfield><subfield code="0">(OCoLC)fst01423814</subfield></datafield><datafield ind1="2" ind2="7" tag="610"><subfield code="a">State University College at Potsdam, N.Y.</subfield><subfield code="2">fast</subfield><subfield code="0">(OCoLC)fst00543367</subfield></datafield><datafield ind1=" " ind2="7" tag="651"><subfield code="a">New York (State)</subfield><subfield code="z">Potsdam.</subfield><subfield code="2">fast</subfield><subfield code="0">(OCoLC)fst01206106</subfield></datafield><datafield ind1="2" ind2=" " tag="710"><subfield code="a">State University College at Potsdam, N.Y.</subfield></datafield><datafield ind1=" " ind2=" " tag="752"><subfield code="a">United States</subfield><subfield code="b">New York</subfield><subfield code="c">St. Lawrence</subfield><subfield code="d">Potsdam.</subfield></datafield><datafield ind1="1" ind2="0" tag="785"><subfield code="t">Racquette</subfield><subfield code="w">(DLC)  2015245101</subfield><subfield code="w">(OCoLC)11539375</subfield></datafield></record>